%YAML 1.1
%TAG !u! tag:unity3d.com,2011:
--- !u!1 &5225741986765710595
GameObject:
  m_ObjectHideFlags: 0
  m_CorrespondingSourceObject: {fileID: 0}
  m_PrefabInstance: {fileID: 0}
  m_PrefabAsset: {fileID: 0}
  serializedVersion: 6
  m_Component:
  - component: {fileID: 1789387582236320867}
  - component: {fileID: 3278966769048263116}
  - component: {fileID: 5820879565424935994}
  m_Layer: 0
  m_Name: Bomba
  m_TagString: Untagged
  m_Icon: {fileID: 0}
  m_NavMeshLayer: 0
  m_StaticEditorFlags: 0
  m_IsActive: 1
--- !u!4 &1789387582236320867
Transform:
  m_ObjectHideFlags: 0
  m_CorrespondingSourceObject: {fileID: 0}
  m_PrefabInstance: {fileID: 0}
  m_PrefabAsset: {fileID: 0}
  m_GameObject: {fileID: 5225741986765710595}
  m_LocalRotation: {x: -0.18309344, y: 0, z: 0, w: 0.9830956}
  m_LocalPosition: {x: 0.06, y: 0, z: 0}
  m_LocalScale: {x: 100, y: 100, z: 100}
  m_Children: []
  m_Father: {fileID: 7344928207261963780}
  m_RootOrder: 1
  m_LocalEulerAnglesHint: {x: -21.1, y: 0, z: 0}
--- !u!33 &3278966769048263116
MeshFilter:
  m_ObjectHideFlags: 0
  m_CorrespondingSourceObject: {fileID: 0}
  m_PrefabInstance: {fileID: 0}
  m_PrefabAsset: {fileID: 0}
  m_GameObject: {fileID: 5225741986765710595}
  m_Mesh: {fileID: 2571007595502146236, guid: 6bc5b4da1e6224d1e98af919b437916e, type: 3}
--- !u!23 &5820879565424935994
MeshRenderer:
  m_ObjectHideFlags: 0
  m_CorrespondingSourceObject: {fileID: 0}
  m_PrefabInstance: {fileID: 0}
  m_PrefabAsset: {fileID: 0}
  m_GameObject: {fileID: 5225741986765710595}
  m_Enabled: 1
  m_CastShadows: 1
  m_ReceiveShadows: 1
  m_DynamicOccludee: 1
  m_MotionVectors: 1
  m_LightProbeUsage: 1
  m_ReflectionProbeUsage: 1
  m_RayTracingMode: 2
  m_RayTraceProcedural: 0
  m_RenderingLayerMask: 1
  m_RendererPriority: 0
  m_Materials:
  - {fileID: -440628240612653160, guid: 6bc5b4da1e6224d1e98af919b437916e, type: 3}
  - {fileID: -7184819803674296287, guid: 6bc5b4da1e6224d1e98af919b437916e, type: 3}
  m_StaticBatchInfo:
    firstSubMesh: 0
    subMeshCount: 0
  m_StaticBatchRoot: {fileID: 0}
  m_ProbeAnchor: {fileID: 0}
  m_LightProbeVolumeOverride: {fileID: 0}
  m_ScaleInLightmap: 1
  m_ReceiveGI: 1
  m_PreserveUVs: 0
  m_IgnoreNormalsForChartDetection: 0
  m_ImportantGI: 0
  m_StitchLightmapSeams: 1
  m_SelectedEditorRenderState: 3
  m_MinimumChartSize: 4
  m_AutoUVMaxDistance: 0.5
  m_AutoUVMaxAngle: 89
  m_LightmapParameters: {fileID: 0}
  m_SortingLayerID: 0
  m_SortingLayer: 0
  m_SortingOrder: 0
  m_AdditionalVertexStreams: {fileID: 0}
--- !u!1 &7344928207261963803
GameObject:
  m_ObjectHideFlags: 0
  m_CorrespondingSourceObject: {fileID: 0}
  m_PrefabInstance: {fileID: 0}
  m_PrefabAsset: {fileID: 0}
  serializedVersion: 6
  m_Component:
  - component: {fileID: 7344928207261963780}
  - component: {fileID: 7344928207261963783}
  - component: {fileID: 7344928207261963782}
  - component: {fileID: 7344928207261963801}
  - component: {fileID: 7344928207261963800}
  - component: {fileID: 7344928207261963781}
  m_Layer: 9
  m_Name: Bomb
  m_TagString: Untagged
  m_Icon: {fileID: 0}
  m_NavMeshLayer: 0
  m_StaticEditorFlags: 0
  m_IsActive: 1
--- !u!4 &7344928207261963780
Transform:
  m_ObjectHideFlags: 0
  m_CorrespondingSourceObject: {fileID: 0}
  m_PrefabInstance: {fileID: 0}
  m_PrefabAsset: {fileID: 0}
  m_GameObject: {fileID: 7344928207261963803}
  m_LocalRotation: {x: 0, y: 0, z: 0, w: 1}
  m_LocalPosition: {x: 1.216, y: 0.7, z: 1.99}
  m_LocalScale: {x: 0.3, y: 0.3, z: 0.3}
  m_Children:
  - {fileID: 3317559384709051305}
  - {fileID: 1789387582236320867}
  m_Father: {fileID: 0}
  m_RootOrder: 0
  m_LocalEulerAnglesHint: {x: 0, y: 0, z: 0}
--- !u!33 &7344928207261963783
MeshFilter:
  m_ObjectHideFlags: 0
  m_CorrespondingSourceObject: {fileID: 0}
  m_PrefabInstance: {fileID: 0}
  m_PrefabAsset: {fileID: 0}
  m_GameObject: {fileID: 7344928207261963803}
  m_Mesh: {fileID: 10207, guid: 0000000000000000e000000000000000, type: 0}
--- !u!23 &7344928207261963782
MeshRenderer:
  m_ObjectHideFlags: 0
  m_CorrespondingSourceObject: {fileID: 0}
  m_PrefabInstance: {fileID: 0}
  m_PrefabAsset: {fileID: 0}
  m_GameObject: {fileID: 7344928207261963803}
  m_Enabled: 0
  m_CastShadows: 1
  m_ReceiveShadows: 1
  m_DynamicOccludee: 1
  m_MotionVectors: 1
  m_LightProbeUsage: 1
  m_ReflectionProbeUsage: 1
  m_RayTracingMode: 2
  m_RayTraceProcedural: 0
  m_RenderingLayerMask: 1
  m_RendererPriority: 0
  m_Materials:
  - {fileID: 2100000, guid: 9fb794f0b248d4c5483bf2cc02a468e6, type: 2}
  m_StaticBatchInfo:
    firstSubMesh: 0
    subMeshCount: 0
  m_StaticBatchRoot: {fileID: 0}
  m_ProbeAnchor: {fileID: 0}
  m_LightProbeVolumeOverride: {fileID: 0}
  m_ScaleInLightmap: 1
  m_ReceiveGI: 1
  m_PreserveUVs: 0
  m_IgnoreNormalsForChartDetection: 0
  m_ImportantGI: 0
  m_StitchLightmapSeams: 1
  m_SelectedEditorRenderState: 3
  m_MinimumChartSize: 4
  m_AutoUVMaxDistance: 0.5
  m_AutoUVMaxAngle: 89
  m_LightmapParameters: {fileID: 0}
  m_SortingLayerID: 0
  m_SortingLayer: 0
  m_SortingOrder: 0
  m_AdditionalVertexStreams: {fileID: 0}
--- !u!135 &7344928207261963801
SphereCollider:
  m_ObjectHideFlags: 0
  m_CorrespondingSourceObject: {fileID: 0}
  m_PrefabInstance: {fileID: 0}
  m_PrefabAsset: {fileID: 0}
  m_GameObject: {fileID: 7344928207261963803}
  m_Material: {fileID: 0}
  m_IsTrigger: 0
  m_Enabled: 1
  serializedVersion: 2
  m_Radius: 0.5
  m_Center: {x: 0, y: 0, z: 0}
--- !u!54 &7344928207261963800
Rigidbody:
  m_ObjectHideFlags: 0
  m_CorrespondingSourceObject: {fileID: 0}
  m_PrefabInstance: {fileID: 0}
  m_PrefabAsset: {fileID: 0}
  m_GameObject: {fileID: 7344928207261963803}
  serializedVersion: 2
  m_Mass: 1
  m_Drag: 0
  m_AngularDrag: 0.05
  m_UseGravity: 1
  m_IsKinematic: 0
  m_Interpolate: 0
  m_Constraints: 112
  m_CollisionDetection: 0
--- !u!114 &7344928207261963781
MonoBehaviour:
  m_ObjectHideFlags: 0
  m_CorrespondingSourceObject: {fileID: 0}
  m_PrefabInstance: {fileID: 0}
  m_PrefabAsset: {fileID: 0}
  m_GameObject: {fileID: 7344928207261963803}
  m_Enabled: 1
  m_EditorHideFlags: 0
  m_Script: {fileID: 11500000, guid: c2b8ed12ddc474dd0919a30ca964317a, type: 3}
  m_Name: 
  m_EditorClassIdentifier: 
  delay: 3
  radius: 5
  force: 700
  damage: 60
  explosionEffect: {fileID: 7210779985268136317, guid: 9a6b461fece9246cfb99e2164863528d, type: 3}
--- !u!1001 &8246367780768604045
PrefabInstance:
  m_ObjectHideFlags: 0
  serializedVersion: 2
  m_Modification:
    m_TransformParent: {fileID: 7344928207261963780}
    m_Modifications:
    - target: {fileID: 6663829230052764708, guid: a71fcfaf2d6d844058fec36e2644c449, type: 3}
      propertyPath: m_LocalPosition.x
      value: -1.05
      objectReference: {fileID: 0}
    - target: {fileID: 6663829230052764708, guid: a71fcfaf2d6d844058fec36e2644c449, type: 3}
      propertyPath: m_LocalPosition.y
      value: 0.81
      objectReference: {fileID: 0}
    - target: {fileID: 6663829230052764708, guid: a71fcfaf2d6d844058fec36e2644c449, type: 3}
      propertyPath: m_LocalPosition.z
      value: 0.9
      objectReference: {fileID: 0}
    - target: {fileID: 6663829230052764708, guid: a71fcfaf2d6d844058fec36e2644c449, type: 3}
      propertyPath: m_LocalRotation.x
      value: -0.35999668
      objectReference: {fileID: 0}
    - target: {fileID: 6663829230052764708, guid: a71fcfaf2d6d844058fec36e2644c449, type: 3}
      propertyPath: m_LocalRotation.y
      value: -0
      objectReference: {fileID: 0}
    - target: {fileID: 6663829230052764708, guid: a71fcfaf2d6d844058fec36e2644c449, type: 3}
      propertyPath: m_LocalRotation.z
      value: -0
      objectReference: {fileID: 0}
    - target: {fileID: 6663829230052764708, guid: a71fcfaf2d6d844058fec36e2644c449, type: 3}
      propertyPath: m_LocalRotation.w
      value: 0.9329536
      objectReference: {fileID: 0}
    - target: {fileID: 6663829230052764708, guid: a71fcfaf2d6d844058fec36e2644c449, type: 3}
      propertyPath: m_RootOrder
      value: 0
      objectReference: {fileID: 0}
    - target: {fileID: 6663829230052764708, guid: a71fcfaf2d6d844058fec36e2644c449, type: 3}
      propertyPath: m_LocalEulerAnglesHint.x
      value: -21.1
      objectReference: {fileID: 0}
    - target: {fileID: 6663829230052764708, guid: a71fcfaf2d6d844058fec36e2644c449, type: 3}
      propertyPath: m_LocalEulerAnglesHint.y
      value: 0
      objectReference: {fileID: 0}
    - target: {fileID: 6663829230052764708, guid: a71fcfaf2d6d844058fec36e2644c449, type: 3}
      propertyPath: m_LocalEulerAnglesHint.z
      value: 0
      objectReference: {fileID: 0}
    - target: {fileID: 6663829230052764708, guid: a71fcfaf2d6d844058fec36e2644c449, type: 3}
      propertyPath: m_LocalScale.x
      value: 10000
      objectReference: {fileID: 0}
    - target: {fileID: 6663829230052764708, guid: a71fcfaf2d6d844058fec36e2644c449, type: 3}
      propertyPath: m_LocalScale.y
      value: 10000
      objectReference: {fileID: 0}
    - target: {fileID: 6663829230052764708, guid: a71fcfaf2d6d844058fec36e2644c449, type: 3}
      propertyPath: m_LocalScale.z
      value: 10000
      objectReference: {fileID: 0}
    - target: {fileID: 7139483287961500246, guid: a71fcfaf2d6d844058fec36e2644c449, type: 3}
      propertyPath: m_Name
      value: FireBomb
      objectReference: {fileID: 0}
    m_RemovedComponents: []
  m_SourcePrefab: {fileID: 100100000, guid: a71fcfaf2d6d844058fec36e2644c449, type: 3}
--- !u!4 &3317559384709051305 stripped
Transform:
  m_CorrespondingSourceObject: {fileID: 6663829230052764708, guid: a71fcfaf2d6d844058fec36e2644c449, type: 3}
  m_PrefabInstance: {fileID: 8246367780768604045}
  m_PrefabAsset: {fileID: 0}
